@inproceedings{nicolas:hal-01655438,
  TITLE = {{MUTE: A Peer-to-Peer Web-based Real-time Collaborative Editor}},
  AUTHOR = {Nicolas, Matthieu and Elvinger, VIctorien and Oster, G{\'e}rald and Ignat, Claudia-Lavinia and Charoy, Fran{\c c}ois},
  URL = {https://hal.inria.fr/hal-01655438},
  BOOKTITLE = {{ECSCW 2017 - 15th European Conference on Computer-Supported Cooperative Work}},
  ADDRESS = {Sheffield, United Kingdom},
  PUBLISHER = {{EUSSET}},
  SERIES = {Proceedings of 15th European Conference on Computer-Supported Cooperative Work - Panels, Posters and Demos},
  VOLUME = {1},
  NUMBER = {3},
  PAGES = {1-4},
  YEAR = {2017},
  MONTH = Aug,
  DOI = {10.18420/ecscw2017\_p5},
  PDF = {https://hal.inria.fr/hal-01655438/file/Nicolasetal2017.pdf},
  HAL_ID = {hal-01655438},
  HAL_VERSION = {v1},
}

@inproceedings{nicolas:hal-01932552,
  TITLE = {{Efficient renaming in CRDTs}},
  AUTHOR = {Nicolas, Matthieu},
  URL = {https://hal.inria.fr/hal-01932552},
  BOOKTITLE = {{Middleware 2018 - 19th ACM/IFIP International Middleware Conference (Doctoral Symposium)}},
  ADDRESS = {Rennes, France},
  YEAR = {2018},
  MONTH = Dec,
  PDF = {https://hal.inria.fr/hal-01932552/file/position-paper.pdf},
  HAL_ID = {hal-01932552},
  HAL_VERSION = {v1},
}

@unpublished{nicolas:hal-02526724,
  TITLE = {{Efficient Renaming in Sequence CRDTs}},
  AUTHOR = {Nicolas, Matthieu and Oster, G{\'e}rald and Perrin, Olivier},
  URL = {https://hal.inria.fr/hal-02526724},
  NOTE = {working paper or preprint},
  YEAR = {2020},
  MONTH = Mar,
  KEYWORDS = {CRDTs ; real-time collaborative editing ; eventual consistency ; memory-wise optimisation ; performance},
  PDF = {https://hal.inria.fr/hal-02526724/file/main.pdf},
  HAL_ID = {hal-02526724},
  HAL_VERSION = {v1},
}
